% This file was created with JabRef 2.10.
% Encoding: UTF-8


@Book{Antunes1997a,
  Title                    = {Título da obra 1 aqui},
  Author                   = {Fulano Antunes},
  Publisher                = {Publisher},
  Year                     = {1997}
}

@Book{Antunes1997b,
  Title                    = {Título da obra 2 aqui},
  Author                   = {Fulano Antunes},
  Publisher                = {Publisher},
  Year                     = {1997}
}

@Book{Cegalla1991,
  Title                    = {Título da obra aqui},
  Author                   = {Fulano Cegalla},
  Publisher                = {Publisher},
  Year                     = {1991}
}

@Book{Chalhub1991,
  Title                    = {Título da obra aqui},
  Author                   = {Fulano Chalhub},
  Publisher                = {Publisher},
  Year                     = {1991}
}

@Book{Fernandes1994,
  Title                    = {Título da obra aqui},
  Author                   = {Fulano Fernandes},
  Publisher                = {Publisher},
  Year                     = {1994}
}

@Book{Furaste2000,
  Title                    = {Título da obra aqui},
  Author                   = {Fulano Furast{\'e}},
  Publisher                = {Publisher},
  Year                     = {2000}
}

@Book{Garcia2000,
  Title                    = {Título da obra aqui},
  Author                   = {Fulano Garcia},
  Publisher                = {Publisher},
  Year                     = {2000}
}

@Book{Guaragna1992,
  Title                    = {Título da obra aqui},
  Author                   = {Fulano Guaragna},
  Publisher                = {Publisher},
  Year                     = {1992}
}

@Book{Guerrero2000,
  Title                    = {Título da obra aqui},
  Author                   = {Fulano Guerrero},
  Publisher                = {Publisher},
  Year                     = {2000}
}

@Book{Guimaraes1985,
  Title                    = {Título da obra aqui},
  Author                   = {Fulano Guimar{\~a}es},
  Publisher                = {Publisher},
  Year                     = {1985}
}

@Hidden{harunari,
  Title                    = {Título da obra aqui},
  Author                   = {Fulano Harunari}
}

@Book{Marques1982,
  Title                    = {Título da obra aqui},
  Author                   = {Fulano Marques},
  Publisher                = {Publisher},
  Year                     = {1982}
}

@Book{Meregali2004,
  Title                    = {Título da obra aqui},
  Author                   = {Fulano Meregali},
  Publisher                = {Publisher},
  Year                     = {2004}
}

@Book{Morgado1967,
  Title                    = {Título da obra aqui},
  Author                   = {Fulano Morgado},
  Publisher                = {Publisher},
  Year                     = {1967}
}

@Book{Novoa1993,
  Title                    = {Título da obra aqui},
  Author                   = {Fulano N{\'o}voa},
  Publisher                = {Publisher},
  Year                     = {1993}
}
